2859 4859
245 353 296 481 ee
471 348 526 461 f
638 377 788 464 ‘vta

248 578 312 652 quia
331 560 386 633 nnn
405 589 460 633 tam
479 574 602 649 cingam,
620 588 701 647 quam
718 572 810 645 potius
828 590 935 629 sensnm
953 576 1081 648 respicit,
1108 594 1163 632 non
1181 578 1302 645 multum,

237 686 336 729 utrum
361 673 400 729 sic
426 688 460 727 an
487 672 568 729 aliter
592 670 714 735 dicatur,
741 681 817 723 ratus
843 670 989 737 interesse,
1012 689 1113 743 graeca
1140 667 1195 729 ‘nh
1220 675 1301 748 sarie
1353 691 1360 699 ·

244 771 381 833 imitatur,
400 780 481 839 atque
499 769 538 825 ita
560 785 577 823 a
597 784 647 821 suo
666 765 789 839 exemplo
818 767 958 822 declinat..
985 768 1062 825 Taiia
1080 771 1165 843 igitur
1183 788 1238 825 non
1256 771 1302 824 de·

244 867 312 944 bere
328 883 381 937 pro
401 848 566 919 lectionibus
594 864 709 918 diversis
733 861 848 929 haberi,
873 862 902 917 id
926 877 980 918 tana
999 864 1152 921 luculenter
1175 877 1322 938 apparet„

245 974 290 1031 ut,
319 960 366 1034 qui
385 960 507 1028 dubitet,
532 960 576 1014 vix
601 958 687 1012 ulium
714 957 774 1013 fore
799 958 1007 1013 existimemus.
1030 959 1113 1013 aliud
1137 972 1192 1027 est,
1218 960 1305 1032 quod,

244 1052 382 1124 intua-um,
406 1070 436 1110 ut
461 1048 547 1111 nobis
566 1067 742 1128 opponatur,
768 1071 823 1108 non
849 1051 960 1109 eredere
987 1055 1030 1108 vix
1054 1057 1198 1141 possisnam
1233 1058 1304 1123 „Eat
1327 1120 1330 1126 ¹

246 1154 531 1227 quidem“,inqu1es,
557 1155 613 1220 ,ιιι
621 1190 630 1219 ,
648 1164 677 1205 nt
695 1149 782 1219 dieis3
810 1165 838 1205 at
853 1170 917 1207 vero
929 1164 966 1205 tu
984 1152 1074 1207 laeum
1095 1152 1143 1206 dat
1160 1129 1305 1207 erroribus

244 1244 408 1316 idn‘umeris,
439 1262 536 1321 ιιιιιιιι,
561 1246 627 1323 quid
645 1249 681 1301 sit
698 1247 827 1301 vertentis
847 1248 982 1315 arbitrio,
1008 1248 1074 1321 quid
1092 1248 1233 1318 ejusdem
1227 1226 1304 1303 libro

203 1328 210 1345 Ι
247 1342 437 1411 tribuendum,
464 1344 540 1399 nullo
567 1346 709 1421 quisquam
737 1343 817 1398 modo
844 1332 998 1399 discerncre
1016 1343 1122 1417 possit,
1151 1356 1232 1415 atque
1258 1344 1304 1397 dn·

248 1440 355 1507 finire“.
392 1439 536 1507 Concedo,
554 1457 604 1493 nos
623 1440 669 1493 hic
687 1440 792 1494 versari
812 1440 840 1491 in
859 1441 948 1512 spatio
968 1439 1092 1507 lubrico,
1110 1441 1303 1511 veritatemque

248 1552 297 1589 nos
324 1537 424 1607 passim
448 1553 529 1609 poene
554 1534 671 1608 effugere
690 1546 770 1606 atque
790 1533 883 1589 latere.
905 1534 1024 1595 ·'i,'anien
1045 1550 1112 1615 eae,
1136 1552 1203 1607 quae
1231 1534 1305 1600 dico,

248 1633 335 1687 nostri
356 1633 622 1705 digressionessunt
638 1630 676 1685 ita
701 1643 891 1702 comparatae,
909 1642 954 1695 ut,
978 1630 1074 1683 sinon
1099 1648 1191 1682 rerum
1215 1631 1305 1702 ipsunt

245 1722 357 1796 tedere,
381 1740 410 1783 at
437 1740 511 1783 certe
535 1728 658 1801 proxime
682 1727 720 1792 pd
743 1728 882 1781 veritatem
907 1725 1037 1780 accedere
1056 1725 1147 1778 liceat.
1166 1724 1306 1779 ‘Primum

246 1828 332 1894 enirn,
358 1827 408 1879 etsi
433 1826 461 1878 in
486 1826 592 1899 graecis
611 1842 720 1899 quoque
739 1824 835 1891 libris,
859 1842 910 1896 per
928 1820 1138 1876 describentium
1158 1821 1304 1888 incuriam,

246 1922 366 1993 reperiri
385 1938 499 1995 graecae
519 1920 626 1992 linguae
650 1918 759 1991 ingenio
780 1919 894 1988 adyersn
922 1916 1072 1972 concedere
1095 1913 1237 2014 debemus,
1262 1930 1305 1972 ta·

182 2018 186 2029 '
246 2034 306 2070 rnen
325 2016 398 2087 apud
418 2012 516 2087 Syrum
539 2014 621 2079 hujus
648 2013 754 2085 generis
780 2026 833 2066 tam
853 2013 936 2066 multa
954 2012 1145 2079 inveniuntur,
1169 2025 1213 2079 ut,
1231 2030 1303 2085 quae

246 2110 327 2165 nobis
349 2110 429 2165 offert
450 2109 652 2183 discrepantia,
676 2111 745 2165 haec
770 2112 867 2165 omnia
886 2112 978 2208 graeci
1005 2110 1118 2185 exempli
1141 2112 1237 2183 culpae
1257 2112 1308 2201 ad·

223 2212 225 2217 ’
247 2206 370 2261 scribere
389 2223 443 2260 non
461 2218 564 2261 tantum
582 2208 653 2263 foret
670 2224 783 2281 magnae
808 2198 1013 2284 temeritatis,
1008 2208 1056 2261 sed
1081 2207 1160 2261 etiam
1185 2193 1304 2261 summae

246 2300 404 2355 dementiae.
435 2299 480 2355 Si
509 2313 618 2368 noster,
648 2312 679 2354 ut
701 2300 756 2352 linc
783 2310 861 2369 utar,
885 2302 985 2356 Mattb.
1010 2308 1065 2368 17,
1084 2307 1117 2360 12
1140 2317 1193 2375 pro
1216 2286 1303 2375 λέγει

141 2418 143 2423 ’
245 2381 323 2451 δὲ
304 2392 410 2469 υμῖν,
406 2396 498 2451 hunc
516 2395 663 2451 verborum
682 2394 806 2449 ordinem
832 2392 954 2451 exbibet·
980 2395 1062 2461 „dico
1089 2395 1167 2451 robis
1183 2399 1304 2466 'autem“‚

184 2508 185 2511 ’
212 2508 216 2518 ’
244 2492 273 2544 in
299 2492 406 2563 graemt
432 2490 532 2547 fuisse·
565 2481 650 2560 λέγω
681 2479 760 2563 ’ὑμῖν
788 2479 844 2560 δέ,
880 2506 957 2545 nemo
983 2491 1112 2560 proiecto
1134 2493 1305 2565 opinabitur,
1335 2557 1337 2564 Ι
1427 2531 1428 2540 n

246 2586 312 2662 quain
333 2605 365 2641 ne
386 2578 532 2641 somniabit
551 2588 667 2660 quidem.
704 2570 876 2654 Simiie'est,
901 2586 925 2639 ti
953 2584 1034 2656 quid,
1058 2588 1133 2660 qnod
1149 2606 1165 2643 a
1184 2591 1305 2657 noviac-

245 2682 372 2735 ttannenti
398 2680 582 2753 scriptoribua
605 2680 743 2752 nunqudnn
769 2681 850 2733 aliter
874 2678 990 2744 dicitur,¹
1011 2680 1127 2754 ideoque
1152 2700 1206 2737 non
1221 2686 1304 2743 faciit

244 2762 382 2832 immutari
400 2786 511 2851 poterat
529 2794 546 2831 a
564 2770 704 2846 librariis,
730 2777 813 2831 solita
831 2774 939 2829 dicendi
963 2755 1071 2827 ratione
1097 2776 1165 2829 nihii
1184 2778 1305 2863 offensis,

240 2886 333 2928 tamen
363 2874 392 2925 in
422 2874 539 2946 syriacis
570 2872 712 2927 dissentire
740 2874 867 2927 videmus.
918 2870 1006 2942 Quum
1037 2867 1154 2940 Paulus,
1186 2888 1216 2929 ut
1243 2878 1303 2946 ejus
1334 2894 1357 2943 ι

168 3012 171 3026 .
236 2962 287 3023 ιιι
307 2967 456 3043 exemplum
474 2967 601 3039 prodeat,
620 2966 722 3039 ubique
741 2964 840 3018 saintet
858 2963 964 3019 dicens:
982 2954 1084 3039 χάρις
1104 2962 1162 3024 καὶ
1182 2963 1310 3046 εἰρήνη,

168 3054 170 3063 ’
245 3062 292 3135 qui
311 3062 380 3117 ordo
399 3061 523 3116 librarii·
539 3061 757 3115 non'ismiliaris
775 3078 833 3114 esse
852 3052 907 3113 non
921 3070 1040 3131 poterat,
1055 3063 1078 3115 ei
1095 3070 1186 3121 tamen
1199 3082 1302 3138 noster,

197 3226 201 3235 1
243 3176 278 3209 ne
298 3156 534 3229 minimaquidem
549 3158 670 3211 mutandi
689 3174 774 3211 causa
792 3168 952 3228 apparente,
969 3157 1043 3229 Epir.
1056 3165 1082 3227 1,
1095 3144 1198 3234 2'heen
1215 3166 1301 3235 verb,

240 3251 369 3315 invasit,
388 3267 449 3303 num
463 3264 582 3324 nsquam
599 3250 733 3328 seriptum
750 3248 848 3308 imme:
868 3240 978 3321 εὶρηνη
999 3247 1057 3309 καὶ
1075 3246 1196 3331 χάρις,
1219 3258 1299 3339 nobie

28 3414 30 3423 ,
128 3366 133 3377 r
243 3344 494 3430 persuadebimus?
529 3345 634 3401 Deinde
660 3346 684 3397 si
710 3348 765 3419 qud
791 3346 856 3403 loco
879 3351 944 3404 novi
971 3356 1121 3452 tentamenti
1139 3356 1238 3429 Syrum
1254 3332 1303 3409 de·

125 3491 128 3501 ,
183 3475 191 3489 1
242 3440 463 3513 prehendimus
455 3453 494 3495 tta
520 3439 730 3513 digredientem,
756 3453 786 3498 ut
804 3442 962 3510 codicibus,
991 3448 1039 3519 qui
1063 3464 1123 3502 cum
1141 3466 1173 3525 eo
1188 3448 1303 3523 faciant,

173 3607 176 3611 .
235 3548 292 3591 aut
308 3552 424 3612 prorsus
444 3535 619 3601 destituatur,
636 3539 686 3591 sut'
702 3536 797 3617 salmas
815 3555 869 3593 non
888 3556 1000 3614 magnae
1018 3544 1189 3602 auctoritatis
1207 3545 1301 3601 socios

241 3630 359 3707 babeet3
378 3644 433 3685 tum
452 3649 516 3687 sane
533 3649 594 3685 essa
608 3631 814 3706 prbitcamur,
804 3652 864 3702 cur,
883 3655 946 3713 uum
963 3638 1036 3693 haee
1044 3640 1251 3711 discrepantia
1242 3637 1300 3713 ipsi

207 3706 214 3721 ,
243 3728 329 3795 libro,
343 3746 378 3783 an
392 3714 581 3784 transferentis
597 3729 715 3785 arbitrio
731 3732 873 3800 debeatur,
888 3706 1036 3788 dubitare
1029 3735 1199 3806 incipiamus.
1223 3736 1302 3794 Licet
1360 3764 1364 3771 ·

191 3886 193 3889 ¹
243 3825 313 3879 enim
335 3830 506 3897 nequaquam¹
523 3818 683 3893 iniitiedaur,
711 3826 776 3901 Syri
796 3829 917 3885 codicem
943 3829 1046 3886 habere
1070 3823 1192 3902 potuisse
1217 3852 1300 3907 quae·

243 3920 304 3973 dnm
328 3938 377 3974 sun
406 3932 432 3974 et
458 3921 592 3991 propria,
616 3933 720 3987 tamen,
750 3944 832 3994 qutun
862 3925 908 3980 hic
936 3926 971 3979 tit
996 3926 1069 3979 inter
1095 3929 1300 3997 vetustissimos,

242 4014 358 4089 ideoque
382 4018 440 4087 ejus
463 4017 594 4070 lectiones
614 4034 668 4071 non
687 4018 775 4073 minus
794 4029 912 4075 vetustas
929 4039 987 4078 esse
1005 4034 1148 4101 oporteat,
1174 4041 1227 4078 non
1251 4024 1300 4078 ad·

243 4113 350 4167 modum
369 4112 494 4184 proiecto
514 4127 554 4168 est
572 4114 652 4169 nobis
672 4115 836 4193 probabile,
860 4119 918 4185 ejus
936 4118 1081 4185 lectionis,
1105 4138 1186 4191 φιιιιιι
1210 4120 1299 4172 diver·
1332 4101 1340 4113 ’

244 4216 300 4265 sam
326 4208 411 4283 Syrus
439 4208 567 4301 exhibesp
595 4209 737 4278 rideatur,
760 4225 809 4290 aut
831 4214 940 4270 omuino
967 4215 1081 4284 nulium,
1098 4232 1225 4287 uectum,
1251 4227 1301 4272 aut
